%% This BibTeX bibliography file was created using BibDesk.
%% http://bibdesk.sourceforge.net/


%% Created for Andrew Sifain at 2017-11-03 11:15:23 -0600 


%% Saved with string encoding Unicode (UTF-8) 



@article{wu2006exciton,
	Author = {Wu, Chao and Malinin, Sergey V and Tretiak, Sergei and Chernyak, Vladimir Y},
	Date-Added = {2017-11-03 16:16:52 +0000},
	Date-Modified = {2017-11-03 16:16:52 +0000},
	Journal = {Nat. Phys.},
	Number = {9},
	Pages = {631--635},
	Publisher = {Nature Publishing Group},
	Title = {Exciton Scattering and Localization in Branched Dendrimeric Structures},
	Volume = {2},
	Year = {2006}}

@book{baer2006beyond,
	Author = {Baer, Michael},
	Date-Added = {2017-11-03 16:15:31 +0000},
	Date-Modified = {2017-11-03 16:15:31 +0000},
	Publisher = {John Wiley \& Sons},
	Title = {Beyond Born-Oppenheimer: Electronic Nonadiabatic Coupling Terms and Conical Intersections},
	Year = {2006}}

@article{zheng2017photoinduced,
	Author = {zheng, Fulu and Fernandez-Alberti, Sebastian and Tretiak, Sergei and Zhao, Yang},
	Date-Added = {2017-09-28 18:38:16 +0000},
	Date-Modified = {2017-09-28 18:38:28 +0000},
	Journal = {J. Phys. Chem. B},
	Publisher = {ACS Publications},
	Title = {Photoinduced Intra-and Intermolecular Energy Transfer in Chlorophyll a Dimer},
	Year = {2017}}

@article{ondarse2016ultrafast,
	Author = {Ondarse-Alvarez, D and K{\"o}m{\"u}rl{\"u}, S and Roitberg, AE and Pierdominici-Sottile, G and Tretiak, S and Fernandez-Alberti, S and Kleiman, VD},
	Date-Added = {2017-09-28 18:35:19 +0000},
	Date-Modified = {2017-09-28 18:35:51 +0000},
	Journal = {Phys. Chem. Chem. Phys.},
	Number = {36},
	Pages = {25080--25089},
	Publisher = {Royal Society of Chemistry},
	Title = {Ultrafast Electronic Energy Relaxation in a Conjugated Dendrimer Leading to Inter-Branch Energy Redistribution},
	Volume = {18},
	Year = {2016}}

@article{franklin2016carbon,
	Author = {Franklin-Mergarejo, R and Alvarez, D Ondarse and Tretiak, S and Fernandez-Alberti, S},
	Date-Added = {2017-09-28 18:33:44 +0000},
	Date-Modified = {2017-09-28 18:34:13 +0000},
	Journal = {Sci. Rep.},
	Publisher = {Nature Publishing Group},
	Title = {Carbon Nanorings with Inserted Acenes: Breaking Symmetry in Excited State Dynamics},
	Volume = {6},
	Year = {2016}}

@article{shenai2015internal,
	Author = {Shenai, Prathamesh M and Fernandez-Alberti, Sebastian and Bricker, William P and Tretiak, Sergei and Zhao, Yang},
	Date-Added = {2017-09-28 18:31:53 +0000},
	Date-Modified = {2017-09-28 18:32:20 +0000},
	Journal = {J. Phys. Chem. B},
	Number = {1},
	Pages = {49--58},
	Publisher = {ACS Publications},
	Title = {Internal Conversion and Vibrational Energy Redistribution in Chlorophyll A},
	Volume = {120},
	Year = {2015}}

@article{bricker2015non,
	Author = {Bricker, William P and Shenai, Prathamesh M and Ghosh, Avishek and Liu, Zhengtang and Enriquez, Miriam Grace M and Lambrev, Petar H and Tan, Howe-Siang and Lo, Cynthia S and Tretiak, Sergei and Fernandez-Alberti, Sebastian and others},
	Date-Added = {2017-09-28 18:30:08 +0000},
	Date-Modified = {2017-09-28 18:30:54 +0000},
	Journal = {Sci. Rep.},
	Publisher = {Nature Publishing Group},
	Title = {Non-Radiative Relaxation of Photoexcited Chlorophylls: Theoretical and Experimental Study},
	Volume = {5},
	Year = {2015}}

@article{galindo2015dynamics,
	Author = {Galindo, Johan F and Atas, Evrim and Altan, Aysun and Kuroda, Daniel G and Fernandez-Alberti, Sebastian and Tretiak, Sergei and Roitberg, Adrian E and Kleiman, Valeria D},
	Date-Added = {2017-09-28 18:28:05 +0000},
	Date-Modified = {2017-09-28 18:28:58 +0000},
	Journal = {J. Am. Chem. Soc.},
	Number = {36},
	Pages = {11637--11644},
	Publisher = {ACS Publications},
	Title = {Dynamics of Energy Transfer in a Conjugated Dendrimer Driven by Ultrafast Localization of Excitations},
	Volume = {137},
	Year = {2015}}

@article{ondarse2014computational,
	Author = {Ondarse-Alvarez, D and Oldani, N and Tretiak, S and Fernandez-Alberti, S},
	Date-Added = {2017-09-28 18:24:53 +0000},
	Date-Modified = {2017-09-28 18:25:23 +0000},
	Journal = {J. Phys. Chem. A},
	Number = {45},
	Pages = {10742--10753},
	Publisher = {ACS Publications},
	Title = {Computational Study of Photoexcited Dynamics in Bichromophoric Cross-Shaped Oligofluorene},
	Volume = {118},
	Year = {2014}}

@article{oldani2014modeling,
	Author = {Oldani, N and Tretiak, S and Bazan, G and Fernandez-Alberti, S},
	Date-Added = {2017-09-28 18:20:46 +0000},
	Date-Modified = {2017-09-28 18:23:20 +0000},
	Journal = {Energy Environ. Sci.},
	Number = {3},
	Pages = {1175--1184},
	Publisher = {Royal Society of Chemistry},
	Title = {Modeling of Internal Conversion in Photoexcited Conjugated Molecular Donors used in Organic Photovoltaics},
	Volume = {7},
	Year = {2014}}

@article{fernandez2012shishiodoshi,
	Author = {Fernandez-Alberti, S and Roitberg, Adrian E and Kleiman, Valeria D and Nelson, T and Tretiak, S},
	Date-Added = {2017-09-28 18:18:10 +0000},
	Date-Modified = {2017-09-28 18:18:59 +0000},
	Journal = {J. Chem. Phys.},
	Number = {22},
	Pages = {22A526},
	Publisher = {AIP},
	Title = {Shishiodoshi Unidirectional Energy Transfer Mechanism in Phenylene Ethynylene Dendrimers},
	Volume = {137},
	Year = {2012}}

@article{fernandez2010unidirectional,
	Author = {Fernandez-Alberti, S and Kleiman, Valeria D and Tretiak, S and Roitberg, Adrian E},
	Date-Added = {2017-09-28 18:13:34 +0000},
	Date-Modified = {2017-09-28 18:14:05 +0000},
	Journal = {J. Phys. Chem. Lett.},
	Number = {18},
	Pages = {2699--2704},
	Publisher = {ACS Publications},
	Title = {Unidirectional Energy Transfer in Conjugated Molecules: The Crucial Role of High-Frequency C C Bonds},
	Volume = {1},
	Year = {2010}}

@article{fernandez2009nonadiabatic,
	Author = {Fernandez-Alberti, Sebastian and Kleiman, Valeria D and Tretiak, Sergei and Roitberg, Adrian E},
	Date-Added = {2017-09-28 18:11:19 +0000},
	Date-Modified = {2017-09-28 18:12:07 +0000},
	Journal = {J. Phys. Chem. A},
	Number = {26},
	Pages = {7535--7542},
	Publisher = {ACS Publications},
	Title = {Nonadiabatic Molecular Dynamics Simulations of the Energy Transfer between Building Blocks in a Phenylene Ethynylene Dendrimer},
	Volume = {113},
	Year = {2009}}

@book{haynes2014crc,
	Author = {Haynes, William M},
	Date-Added = {2017-06-27 21:39:53 +0000},
	Date-Modified = {2017-06-27 21:47:37 +0000},
	Pages = {6--187},
	Publisher = {CRC press},
	Title = {CRC Handbook of Chemistry and Physics},
	Year = {2014}}

@article{bjorgaard2016nonequilibrium,
	Author = {Bjorgaard, Josiah August and Velizhanin, Kirill A and Tretiak, Sergei},
	Date-Added = {2017-06-22 19:37:51 +0000},
	Date-Modified = {2017-06-22 19:38:18 +0000},
	Journal = {J. Chem. Phys.},
	Number = {15},
	Pages = {154104},
	Publisher = {AIP Publishing},
	Title = {Nonequilibrium Solvent Effects in Born-Oppenheimer Molecular Dynamics for Ground and Excited Electronic States},
	Volume = {144},
	Year = {2016}}

@article{greenfield2015photoactive,
	Author = {Greenfield, Margo T and McGrane, Shawn D and Bolme, Cindy A and Bjorgaard, Josiah A and Nelson, Tammie R and Tretiak, Sergei and Scharff, R Jason},
	Date-Added = {2017-06-22 19:28:06 +0000},
	Date-Modified = {2017-06-22 19:28:20 +0000},
	Journal = {J. Phys. Chem. A},
	Number = {20},
	Pages = {4846--4855},
	Publisher = {ACS Publications},
	Title = {Photoactive High Explosives: Linear and Nonlinear Photochemistry of Petrin Tetrazine Chloride},
	Volume = {119},
	Year = {2015}}

@article{franklin2017phonon,
	Author = {Franklin-Mergarejo, Ricardo and Nelson, Tammie and Tretiak, Sergei and Fernandez-Alberti, Sebastian},
	Date-Added = {2017-06-22 15:53:14 +0000},
	Date-Modified = {2017-06-22 15:53:53 +0000},
	Journal = {Phys. Chem. Chem. Phys.},
	Number = {14},
	Pages = {9478--9484},
	Publisher = {Royal Society of Chemistry},
	Title = {Phonon Bottleneck and Long-Lived Excited States in $\pi$-Conjugated Pyrene Hoop},
	Volume = {19},
	Year = {2017}}

@article{nelson2017electronic,
	Author = {Nelson, Tammie R and Fernandez-Alberti, Sebastian and Roitberg, Adrian E and Tretiak, Sergei},
	Date-Added = {2017-06-22 15:51:47 +0000},
	Date-Modified = {2017-06-22 15:52:09 +0000},
	Journal = {J. Phys. Chem. Lett.},
	Publisher = {ACS Publications},
	Title = {Electronic Delocalization, Vibrational Dynamics and Energy Transfer in Organic Chromophores},
	Year = {2017}}

@article{nelson2016nonadiabatic,
	Author = {Nelson, Tammie and Naumov, Artem and Fernandez-Alberti, Sebastian and Tretiak, Sergei},
	Date-Added = {2017-06-22 15:44:48 +0000},
	Date-Modified = {2017-06-22 15:45:13 +0000},
	Journal = {Chem. Phys.},
	Pages = {84--90},
	Publisher = {Elsevier},
	Title = {Nonadiabatic Excited-State Molecular Dynamics: On-the-fly Limiting of Essential Excited States},
	Volume = {481},
	Year = {2016}}

@article{bjorgaard2015simulations,
	Author = {Bjorgaard, Josiah August and Nelson, T and Kalinin, Kirill and Kuzmenko, V and Velizhanin, Kirill A and Tretiak, Sergei},
	Date-Added = {2017-06-22 15:43:07 +0000},
	Date-Modified = {2017-06-22 15:43:57 +0000},
	Journal = {Chem. Phys. Lett.},
	Pages = {66--69},
	Publisher = {Elsevier},
	Title = {Simulations of Fluorescence Solvatochromism in Substituted PPV Oligomers from Excited State Molecular Dynamics with Implicit Solvent},
	Volume = {631},
	Year = {2015}}

@article{alfonso2016interference,
	Author = {Alfonso Hernandez, Laura and Nelson, Tammie and Gelin, Maxim F and Lupton, John M and Tretiak, Sergei and Fernandez-Alberti, Sebastian},
	Date-Added = {2017-06-22 15:38:57 +0000},
	Date-Modified = {2017-06-22 15:39:19 +0000},
	Journal = {J. Phys. Chem. Lett.},
	Number = {23},
	Pages = {4936--4944},
	Publisher = {ACS Publications},
	Title = {Interference of Interchromophoric Energy-Transfer Pathways in $\pi$-Conjugated Macrocycles},
	Volume = {7},
	Year = {2016}}

@article{soler2014signature,
	Author = {Soler, Miguel A and Nelson, Tammie and Roitberg, Adrian E and Tretiak, Sergei and Fernandez-Alberti, Sebastian},
	Date-Added = {2017-06-22 15:37:27 +0000},
	Date-Modified = {2017-06-22 15:38:01 +0000},
	Journal = {J. Phys. Chem. A},
	Number = {45},
	Pages = {10372--10379},
	Publisher = {ACS Publications},
	Title = {Signature of Nonadiabatic Coupling in Excited-State Vibrational Modes},
	Volume = {118},
	Year = {2014}}

@article{nelson2016ultrafast,
	Author = {Nelson, Tammie and Bjorgaard, Josiah and Greenfield, Margo and Bolme, Cindy and Brown, Katie and McGrane, Shawn and Scharff, R Jason and Tretiak, Sergei},
	Date-Added = {2017-06-22 15:34:53 +0000},
	Date-Modified = {2017-06-22 15:35:13 +0000},
	Journal = {J. Phys. Chem. A},
	Number = {4},
	Pages = {519--526},
	Publisher = {ACS Publications},
	Title = {Ultrafast Photodissociation Dynamics of Nitromethane},
	Volume = {120},
	Year = {2016}}

@article{alfonso2015photoexcited,
	Author = {Alfonso Hernandez, Laura and Nelson, Tammie and Tretiak, Sergei and Fernandez-Alberti, Sebastian},
	Date-Added = {2017-06-22 15:22:27 +0000},
	Date-Modified = {2017-06-22 15:22:58 +0000},
	Journal = {J. Phys. Chem. B},
	Number = {24},
	Pages = {7242--7252},
	Publisher = {ACS Publications},
	Title = {Photoexcited Energy Transfer in a Weakly Coupled Dimer},
	Volume = {119},
	Year = {2015}}

@article{nelson2013conformational,
	Author = {Nelson, Tammie and Fernandez-Alberti, Sebastian and Roitberg, Adrian E and Tretiak, Sergei},
	Date-Added = {2017-06-22 15:19:33 +0000},
	Date-Modified = {2017-06-22 15:20:55 +0000},
	Journal = {Phys. Chem. Chem. Phys.},
	Number = {23},
	Pages = {9245--9256},
	Publisher = {Royal Society of Chemistry},
	Title = {Conformational Disorder in Energy Transfer: Beyond F{\"o}rster Theory},
	Volume = {15},
	Year = {2013}}

@article{soler2012analysis,
	Author = {Soler, Miguel A and Roitberg, Adrian E and Nelson, Tammie and Tretiak, Sergei and Fernandez-Alberti, Sebastian},
	Date-Added = {2017-06-22 15:16:51 +0000},
	Date-Modified = {2017-06-22 15:17:28 +0000},
	Journal = {J. Phys. Chem. A},
	Number = {40},
	Pages = {9802--9810},
	Publisher = {ACS Publications},
	Title = {Analysis of State-Specific Vibrations Coupled to the Unidirectional Energy Transfer in Conjugated Dendrimers},
	Volume = {116},
	Year = {2012}}

@article{nelson2013artifacts,
	Author = {Nelson, Tammie and Fernandez-Alberti, Sebastian and Roitberg, Adrian E and Tretiak, Sergei},
	Date-Added = {2017-06-22 15:13:27 +0000},
	Date-Modified = {2017-06-22 16:20:47 +0000},
	Journal = {Chem. Phys. Lett.},
	Pages = {208--213},
	Publisher = {Elsevier},
	Title = {Artifacts Due to Trivial Unavoided Crossings in the Modeling of Photoinduced Energy Transfer Dynamics in Extended Conjugated Molecules},
	Volume = {590},
	Year = {2013}}

@article{nelson2012nonadiabatic,
	Author = {Nelson, Tammie and Fernandez-Alberti, Sebastian and Chernyak, Vladimir and Roitberg, Adrian E and Tretiak, Sergei},
	Date-Added = {2017-06-22 15:11:52 +0000},
	Date-Modified = {2017-06-22 15:12:26 +0000},
	Journal = {J. Chem. Phys.},
	Number = {5},
	Pages = {054108},
	Publisher = {AIP},
	Title = {Nonadiabatic Excited-State Molecular Dynamics: Numerical Tests of Convergence and Parameters},
	Volume = {136},
	Year = {2012}}

@article{bjorgaard2015solvent2,
	Author = {Bjorgaard, Josiah August and Velizhanin, Kirill A and Tretiak, Sergei},
	Date-Added = {2017-06-05 20:45:40 +0000},
	Date-Modified = {2017-06-05 20:46:55 +0000},
	Journal = {J. Chem. Phys.},
	Number = {5},
	Pages = {054305},
	Publisher = {AIP Publishing},
	Title = {Solvent Effects in Time-Dependent Self-Consistent Field Methods. II. Variational Formulations and Analytical Gradients},
	Volume = {143},
	Year = {2015}}

@article{tully1990molecular,
	Author = {Tully, John C},
	Date-Added = {2017-06-05 00:15:59 +0000},
	Date-Modified = {2017-06-05 00:16:48 +0000},
	Journal = {J. Chem. Phys.},
	Number = {2},
	Pages = {1061--1071},
	Publisher = {AIP},
	Title = {Molecular Dynamics with Electronic Transitions},
	Volume = {93},
	Year = {1990}}

@article{hack2001natural,
	Author = {Hack, Michael D and Truhlar, Donald G},
	Date-Added = {2017-06-04 17:44:19 +0000},
	Date-Modified = {2017-06-04 17:44:52 +0000},
	Journal = {J. Chem. Phys.},
	Number = {21},
	Pages = {9305--9314},
	Publisher = {AIP},
	Title = {A Natural Decay of Mixing Algorithm for Non-Born--Oppenheimer Trajectories},
	Volume = {114},
	Year = {2001}}

@article{zhu2004coherent,
	Author = {Zhu, Chaoyuan and Nangia, Shikha and Jasper, Ahren W and Truhlar, Donald G},
	Date-Added = {2017-06-04 17:42:36 +0000},
	Date-Modified = {2017-06-04 17:43:23 +0000},
	Journal = {J. Chem. Phys.},
	Number = {16},
	Pages = {7658--7670},
	Publisher = {AIP},
	Title = {Coherent Switching with Decay of Mixing: An Improved Treatment of Electronic Coherence for Non-Born--Oppenheimer Trajectories},
	Volume = {121},
	Year = {2004}}

@article{granucci2010including,
	Author = {Granucci, Giovanni and Persico, Maurizio and Zoccante, Alberto},
	Date-Added = {2017-06-04 17:38:21 +0000},
	Date-Modified = {2017-06-04 17:38:52 +0000},
	Journal = {J. Chem. Phys.},
	Number = {13},
	Pages = {134111},
	Publisher = {AIP},
	Title = {Including Quantum Decoherence in Surface Hopping},
	Volume = {133},
	Year = {2010}}

@article{granucci2007critical,
	Author = {Granucci, Giovanni and Persico, Maurizio},
	Date-Added = {2017-06-04 17:36:25 +0000},
	Date-Modified = {2017-06-04 17:37:00 +0000},
	Journal = {J. Chem. Phys.},
	Number = {13},
	Pages = {134114},
	Publisher = {AIP},
	Title = {Critical Appraisal of the Fewest Switches Algorithm for Surface Hopping},
	Volume = {126},
	Year = {2007}}

@article{fernandez2012identification,
	Author = {Fernandez-Alberti, Sebastian and Roitberg, Adrian E and Nelson, Tammie and Tretiak, Sergei},
	Date-Added = {2017-06-04 17:19:04 +0000},
	Date-Modified = {2017-06-04 17:19:59 +0000},
	Journal = {J. Chem. Phys.},
	Number = {1},
	Pages = {014512},
	Publisher = {AIP},
	Title = {Identification of Unavoided Crossings in Nonadiabatic Photoexcited Dynamics Involving Multiple Electronic States in Polyatomic Conjugated Molecules},
	Volume = {137},
	Year = {2012}}

@article{amber2017,
	Date-Added = {2017-05-22 23:32:23 +0000},
	Date-Modified = {2017-06-04 17:13:19 +0000},
	Journal = {Amber Reference Manual: http://ambermd.org/doc12/Amber17.pdf},
	Title = {Amber Reference Manual},
	Year = {2017},
	Bdsk-Url-1 = {http://ambermd.org/doc12/Amber17.pdf}}

@article{bjorgaard2015solvent1,
	Author = {Bjorgaard, Josiah August and Kuzmenko, V and Velizhanin, KA and Tretiak, Sergei},
	Date-Added = {2017-05-19 23:11:20 +0000},
	Date-Modified = {2017-06-05 20:47:04 +0000},
	Journal = {J. Chem. Phys.},
	Number = {4},
	Pages = {044103},
	Publisher = {AIP Publishing},
	Title = {Solvent Effects in Time-Dependent Self-Consistent Field Methods. I. Optical Response Calculations},
	Volume = {142},
	Year = {2015}}

@article{nelson2011nonadiabatic,
	Author = {Nelson, Tammie and Fernandez-Alberti, Sebastian and Chernyak, Vladimir and Roitberg, Adrian E and Tretiak, Sergei},
	Date-Added = {2017-05-16 20:08:42 +0000},
	Date-Modified = {2017-05-16 20:09:15 +0000},
	Journal = {J. Phys. Chem. B},
	Number = {18},
	Pages = {5402--5414},
	Publisher = {ACS Publications},
	Title = {Nonadiabatic Excited-State Molecular Dynamics Modeling of Photoinduced Dynamics in Conjugated Molecules},
	Volume = {115},
	Year = {2011}}

@article{nelson2013nonadiabatic,
	Author = {Nelson, Tammie and Fernandez-Alberti, Sebastian and Roitberg, Adrian E and Tretiak, Sergei},
	Date-Added = {2017-05-16 19:05:28 +0000},
	Date-Modified = {2017-05-16 19:06:16 +0000},
	Journal = {J. Chem. Phys.},
	Number = {22},
	Pages = {224111},
	Publisher = {AIP},
	Title = {Nonadiabatic Excited-State Molecular Dynamics: Treatment of Electronic Decoherence},
	Volume = {138},
	Year = {2013}}

@article{nelson2014nonadiabatic,
	Author = {Nelson, Tammie and Fernandez-Alberti, Sebastian and Roitberg, Adrian E and Tretiak, Sergei},
	Date-Added = {2017-05-16 04:27:35 +0000},
	Date-Modified = {2017-05-16 04:28:16 +0000},
	Journal = {Acc. Chem. Res.},
	Number = {4},
	Pages = {1155--1164},
	Publisher = {ACS Publications},
	Title = {Nonadiabatic Excited-State Molecular Dynamics: Modeling Photophysics in Organic Conjugated Materials},
	Volume = {47},
	Year = {2014}}

@article{andersen1983rattle,
  title={Rattle: A “velocity” version of the shake algorithm for molecular dynamics calculations},
  author={Andersen, Hans C},
  journal={Journal of computational Physics},
  volume={52},
  number={1},
  pages={24--34},
  year={1983},
  publisher={Elsevier}
}

@article{negrin2020photoinduced,
  title={Photoinduced Dynamics with Constrained Vibrational Motion: FrozeNM Algorithm},
  author={Negrin-Yuvero, H and Freixas, VM and Rodriguez-Hernandez, Beatriz and Rojas-Lorenzo, G and Tretiak, Sergei and Bastida, A and Fernandez-Alberti, Sebasti{\'a}n},
  journal={Journal of Chemical Theory and Computation},
  volume={16},
  number={12},
  pages={7289--7298},
  year={2020},
  publisher={ACS Publications}
}

@article{freixas2021nonadiabatic,
  title={Nonadiabatic Excited-State Molecular Dynamics Methodologies: Comparison and Convergence},
  author={Freixas, Victor M and White, Alexander J and Nelson, Tammie and Song, Huajing and Makhov, Dmitry V and Shalashilin, Dmitrii and Fernandez-Alberti, Sebastian and Tretiak, Sergei},
  journal={The Journal of Physical Chemistry Letters},
  volume={12},
  number={11},
  pages={2970--2982},
  year={2021},
  publisher={ACS Publications}
}

@article{freixas2018ab,
  title={An ab initio multiple cloning approach for the simulation of photoinduced dynamics in conjugated molecules},
  author={Freixas, Victor M and Fernandez-Alberti, Sebastian and Makhov, Dmitry V and Tretiak, Sergei and Shalashilin, Dmitrii},
  journal={Physical Chemistry Chemical Physics},
  volume={20},
  number={26},
  pages={17762--17772},
  year={2018},
  publisher={Royal Society of Chemistry}
}

@article{lemus2022ultrafast,
  title={Ultrafast coherent photoexcited dynamics in a trimeric dendrimer probed by X-ray stimulated-Raman signals},
  author={Lemus, Victor Manuel Freixas and Keefer, Daniel and Tretiak, Sergei and Fernandez-Alberti, Sebastian and Mukamel, Shaul},
  journal={Chemical Science},
  year={2022},
  publisher={Royal Society of Chemistry}
}

@article{makhov2014ab,
  title={Ab initio multiple cloning algorithm for quantum nonadiabatic molecular dynamics},
  author={Makhov, Dmitry V and Glover, William J and Martinez, Todd J and Shalashilin, Dmitrii V},
  journal={The Journal of chemical physics},
  volume={141},
  number={5},
  pages={054110},
  year={2014},
  publisher={American Institute of Physics}
}

@article{freixas2022ultrafast,
  title={Ultrafast coherent photoexcited dynamics in a trimeric dendrimer probed by X-ray stimulated-Raman signals},
  author={Freixas, Victor M and Keefer, Daniel and Tretiak, Sergei and Fernandez-Alberti, Sebastian and Mukamel, Shaul},
  journal={Chemical Science},
  volume={13},
  number={21},
  pages={6373--6384},
  year={2022},
  publisher={Royal Society of Chemistry}
}

@article{keefer2021monitoring,
  title={Monitoring molecular vibronic coherences in a bichromophoric molecule by ultrafast X-ray spectroscopy},
  author={Keefer, Daniel and Freixas, Victor M and Song, Huajing and Tretiak, Sergei and Fernandez-Alberti, Sebastian and Mukamel, Shaul},
  journal={Chemical science},
  volume={12},
  number={14},
  pages={5286--5294},
  year={2021},
  publisher={Royal Society of Chemistry}
}

@article{robb2000computational,
  title={A computational strategy for organic photochemistry},
  author={Robb, Michael A and Garavelli, Marco and Olivucci, Massimo and Bernardi, Fernando},
  journal={Reviews in computational chemistry},
  pages={87--146},
  year={2000},
  publisher={Wiley Online Library}
}

@article{jiang2017light,
  title={Light-harvesting and amplified energy transfer in conjugated polymer nanoparticles},
  author={Jiang, Yifei and McNeill, Jason},
  journal={Chemical reviews},
  volume={117},
  number={2},
  pages={838--859},
  year={2017},
  publisher={ACS Publications}
}

@article{forde2022charge,
  title={Charge-Transfer Luminescence in a Molecular Donor--Acceptor Complex: Computational Insights},
  author={Forde, Aaron and Freixas, Victor M and Fernandez-Alberti, Sebastian and Neukirch, Amanda J and Tretiak, Sergei},
  journal={The Journal of Physical Chemistry Letters},
  volume={13},
  number={37},
  pages={8755--8760},
  year={2022},
  publisher={ACS Publications}
}

@article{adamska2014self,
  title={Self-trapping of excitons, violation of Condon approximation, and efficient fluorescence in conjugated cycloparaphenylenes},
  author={Adamska, Lyudmyla and Nayyar, Iffat and Chen, Hang and Swan, Anna K and Oldani, Nicolas and Fernandez-Alberti, Sebastian and Golder, Matthew R and Jasti, Ramesh and Doorn, Stephen K and Tretiak, Sergei},
  journal={Nano letters},
  volume={14},
  number={11},
  pages={6539--6546},
  year={2014},
  publisher={ACS Publications}
}

@article{tretiak2002density,
  title={Density matrix analysis and simulation of electronic excitations in conjugated and aggregated molecules},
  author={Tretiak, Sergei and Mukamel, Shaul},
  journal={Chemical reviews},
  volume={102},
  number={9},
  pages={3171--3212},
  year={2002},
  publisher={ACS Publications}
}

@book{thouless2014quantum,
  title={The quantum mechanics of many-body systems},
  author={Thouless, David J},
  year={2014},
  publisher={Courier Corporation}
}

@article{jorgensen1975molecular,
  title={Molecular and atomic applications of time-dependent Hartree-Fock theory},
  author={Jorgensen, P},
  journal={Annual Review of Physical Chemistry},
  volume={26},
  number={1},
  pages={359--380},
  year={1975},
  publisher={Annual Reviews 4139 El Camino Way, PO Box 10139, Palo Alto, CA 94303-0139, USA}
}

@article{mclachlan1964time,
  title={Time-dependent hartree—fock theory for molecules},
  author={McLachlan, AD and Ball, MA},
  journal={Reviews of Modern Physics},
  volume={36},
  number={3},
  pages={844},
  year={1964},
  publisher={APS}
}

@article{malone2020nexmd,
  title={NEXMD software package for nonadiabatic excited state molecular dynamics simulations},
  author={Malone, Walter and Nebgen, Benjamin and White, Alexander and Zhang, Yu and Song, Huajing and Bjorgaard, Josiah A and Sifain, Andrew E and Rodriguez-Hernandez, Beatriz and Freixas, Victor M and Fernandez-Alberti, Sebastian and others},
  journal={Journal of Chemical Theory and Computation},
  volume={16},
  number={9},
  pages={5771--5783},
  year={2020},
  publisher={ACS Publications}
}

@article{nelson2020non,
  title={Non-adiabatic excited-state molecular dynamics: Theory and applications for modeling photophysics in extended molecular materials},
  author={Nelson, Tammie R and White, Alexander J and Bjorgaard, Josiah A and Sifain, Andrew E and Zhang, Yu and Nebgen, Benjamin and Fernandez-Alberti, Sebastian and Mozyrsky, Dmitry and Roitberg, Adrian E and Tretiak, Sergei},
  journal={Chemical reviews},
  volume={120},
  number={4},
  pages={2215--2287},
  year={2020},
  publisher={ACS Publications}
}

@article{fernandez2016non,
  title={Non-adiabatic excited state molecular dynamics of phenylene ethynylene dendrimer using a multiconfigurational Ehrenfest approach},
  author={Fernandez-Alberti, Sebastian and Makhov, Dmitry V and Tretiak, Sergei and Shalashilin, Dmitrii V},
  journal={Physical Chemistry Chemical Physics},
  volume={18},
  number={15},
  pages={10028--10040},
  year={2016},
  publisher={Royal Society of Chemistry}
}

@article{clark2012femtosecond,
  title={Femtosecond torsional relaxation},
  author={Clark, J and Nelson, T and Tretiak, S and Cirmi, G and Lanzani, Guglielmo},
  journal={Nature Physics},
  volume={8},
  number={3},
  pages={225--231},
  year={2012},
  publisher={Nature Publishing Group UK London}
}

@article{sifain2018photoexcited,
  title={Photoexcited nonadiabatic dynamics of solvated push--pull $\pi$-conjugated oligomers with the NEXMD software},
  author={Sifain, Andrew E and Bjorgaard, Josiah A and Nelson, Tammie R and Nebgen, Benjamin T and White, Alexander J and Gifford, Brendan J and Gao, David W and Prezhdo, Oleg V and Fernandez-Alberti, Sebastian and Roitberg, Adrian E and others},
  journal={Journal of chemical theory and computation},
  volume={14},
  number={8},
  pages={3955--3966},
  year={2018},
  publisher={ACS Publications}
}

@article{ondarse2018let,
  title={Let digons be bygones: The fate of excitons in curved $\pi$-systems},
  author={Ondarse-Alvarez, Dianelys and Nelson, Tammie and Lupton, John M and Tretiak, Sergei and Fernandez-Alberti, Sebastian},
  journal={The journal of physical chemistry letters},
  volume={9},
  number={24},
  pages={7123--7129},
  year={2018},
  publisher={ACS Publications}
}

@article{mukazhanova2023impact,
  title={The impact of stacking and phonon environment on energy transfer in organic chromophores: computational insights},
  author={Mukazhanova, Aliya and Negrin-Yuvero, Hassiel and Freixas, Victor M and Tretiak, Sergei and Fernandez-Alberti, Sebastian and Sharifzadeh, Sahar},
  journal={Journal of Materials Chemistry C},
  volume={11},
  number={16},
  pages={5297--5306},
  year={2023},
  publisher={Royal Society of Chemistry}
}

@article{ondarse2018energy,
  title={Energy transfer and spatial scrambling of an exciton in a conjugated dendrimer},
  author={Ondarse-Alvarez, Dianelys and Oldani, N and Roitberg, AE and Kleiman, V and Tretiak, Sergei and Fernandez-Alberti, Sebasti{\'a}n},
  journal={Physical Chemistry Chemical Physics},
  volume={20},
  number={47},
  pages={29648--29660},
  year={2018},
  publisher={Royal Society of Chemistry}
}

@article{freixas2019photoinduced,
  title={Photoinduced non-adiabatic energy transfer pathways in dendrimer building blocks},
  author={Freixas, Victor M and Ondarse-Alvarez, Daneilis and Tretiak, Sergei and Makhov, Dmitry V and Shalashilin, Dmitry V and Fernandez-Alberti, Sebastian},
  journal={The Journal of Chemical Physics},
  volume={150},
  number={12},
  year={2019},
  publisher={AIP Publishing}
}

@article{bonilla2023impact,
  title={Impact of the core on the inter-branch exciton exchange in dendrimers},
  author={Bonilla, Valeria and Freixas, Victor M and Fernandez-Alberti, Sebastian and Galindo, Johan Fabian},
  journal={Physical Chemistry Chemical Physics},
  volume={25},
  number={17},
  pages={12097--12106},
  year={2023},
  publisher={Royal Society of Chemistry}
}

@article{oldani2017photoinduced,
  title={Photoinduced dynamics in cycloparaphenylenes: planarization, electron--phonon coupling, localization and intra-ring migration of the electronic excitation},
  author={Oldani, N and Doorn, SK and Tretiak, Sergei and Fernandez-Alberti, Sebasti{\'a}n},
  journal={Physical Chemistry Chemical Physics},
  volume={19},
  number={45},
  pages={30914--30924},
  year={2017},
  publisher={Royal Society of Chemistry}
}

@article{rodriguez2018modification,
  title={Modification of optical properties and excited-state dynamics by linearizing cyclic paraphenylene chromophores},
  author={Rodriguez-Hernandez, Beatriz and Ondarse-Alvarez, Dianelys and Oldani, N and Martinez-Mesa, Aliezer and Uranga-Piña, Ll and Tretiak, Sergei and Fernandez-Alberti, Sebasti{\'a}n},
  journal={The Journal of Physical Chemistry C},
  volume={122},
  number={29},
  pages={16639--16648},
  year={2018},
  publisher={ACS Publications}
}

@article{freixas2022infinitene,
  title={Infinitene: Computational Insights from Nonadiabatic Excited State Dynamics},
  author={Freixas, Victor Manuel and Tretiak, Sergei and Fernandez-Alberti, Sebastian},
  journal={The Journal of Physical Chemistry Letters},
  volume={13},
  number={36},
  pages={8495--8501},
  year={2022},
  publisher={ACS Publications}
}

@article{negrin2023photoexcited,
  title={Photoexcited Energy Relaxation in a Zigzag Carbon Nanobelt},
  author={Negrin-Yuvero, Hassiel and Freixas, Victor M and Ondarse-Alvarez, Dianelys and Ledesma, Ana E and Tretiak, Sergei and Fernandez-Alberti, Sebastian},
  journal={The Journal of Physical Chemistry C},
  volume={127},
  number={11},
  pages={5449--5456},
  year={2023},
  publisher={ACS Publications}
}

@article{lystrom2018site,
  title={Site-specific photodecomposition in conjugated energetic materials},
  author={Lystrom, Levi and Zhang, Yu and Tretiak, Sergei and Nelson, Tammie},
  journal={The Journal of Physical Chemistry A},
  volume={122},
  number={29},
  pages={6055--6061},
  year={2018},
  publisher={ACS Publications}
}

@article{polli2010conical,
  title={Conical intersection dynamics of the primary photoisomerization event in vision},
  author={Polli, Dario and Alto{\`e}, Piero and Weingart, Oliver and Spillane, Katelyn M and Manzoni, Cristian and Brida, Daniele and Tomasello, Gaia and Orlandi, Giorgio and Kukura, Philipp and Mathies, Richard A and others},
  journal={Nature},
  volume={467},
  number={7314},
  pages={440--443},
  year={2010},
  publisher={Nature Publishing Group UK London}
}

@article{scholes2017using,
  title={Using coherence to enhance function in chemical and biophysical systems},
  author={Scholes, Gregory D and Fleming, Graham R and Chen, Lin X and Aspuru-Guzik, Al{\'a}n and Buchleitner, Andreas and Coker, David F and Engel, Gregory S and Van Grondelle, Rienk and Ishizaki, Akihito and Jonas, David M and others},
  journal={Nature},
  volume={543},
  number={7647},
  pages={647--656},
  year={2017},
  publisher={Nature Publishing Group UK London}
}

@article{salehi2019recent,
  title={Recent advances in OLED optical design},
  author={Salehi, Amin and Fu, Xiangyu and Shin, Dong-Hun and So, Franky},
  journal={Advanced Functional Materials},
  volume={29},
  number={15},
  pages={1808803},
  year={2019},
  publisher={Wiley Online Library}
}

@article{wang2014photodegradation,
  title={Photodegradation of small-molecule organic photovoltaics},
  author={Wang, Nana and Tong, Xiaoran and Burlingame, Quinn and Yu, Junsheng and Forrest, Stephen R},
  journal={Solar energy materials and solar cells},
  volume={125},
  pages={170--175},
  year={2014},
  publisher={Elsevier}
}

@article{wolfer2014solution,
  title={Solution structure: defining polymer film morphology and optoelectronic device performance},
  author={Wolfer, Pascal and Armin, Ardalan and Pivrikas, Almantas and Velusamy, Marappan and Burn, Paul L and Meredith, Paul},
  journal={Journal of Materials Chemistry C},
  volume={2},
  number={1},
  pages={71--77},
  year={2014},
  publisher={Royal Society of Chemistry}
}

@article{zhugayevych2015theoretical,
  title={Theoretical description of structural and electronic properties of organic photovoltaic materials},
  author={Zhugayevych, Andriy and Tretiak, Sergei},
  journal={Annual Review of Physical Chemistry},
  volume={66},
  pages={305--330},
  year={2015},
  publisher={Annual Reviews}
}

@article{sirringhaus2000high,
  title={High-resolution inkjet printing of all-polymer transistor circuits},
  author={Sirringhaus, Henning and Kawase, TAKEO and Friend, RH and Shimoda, Tatsuya and Inbasekaran, Michael and Wu, Weishi and Woo, Edmund P},
  journal={Science},
  volume={290},
  number={5499},
  pages={2123--2126},
  year={2000},
  publisher={American Association for the Advancement of Science}
}

@article{lee2016highly,
  title={Highly sensitive ultraviolet light sensor based on photoactive organic gate dielectrics with an azobenzene derivative},
  author={Lee, Kang Eun and Lee, Jea Uk and Seong, Dong Gi and Um, Moon-Kwang and Lee, Wonoh},
  journal={The Journal of Physical Chemistry C},
  volume={120},
  number={40},
  pages={23172--23179},
  year={2016},
  publisher={ACS Publications}
}

@article{satishkumar2007reversible,
  title={Reversible fluorescence quenching in carbon nanotubes for biomolecular sensing},
  author={Satishkumar, BC and Brown, Leif O and Gao, Yuan and Wang, Chun-Chih and Wang, Hsing-Lin and Doorn, Stephen K},
  journal={Nature Nanotechnology},
  volume={2},
  number={9},
  pages={560--564},
  year={2007},
  publisher={Nature Publishing Group UK London}
}

@article{maksimov2019genetically,
  title={A genetically encoded fluorescent temperature sensor derived from the photoactive Orange Carotenoid Protein},
  author={Maksimov, Eugene G and Yaroshevich, Igor A and Tsoraev, Georgy V and Sluchanko, Nikolai N and Slutskaya, Ekaterina A and Shamborant, Olga G and Bobik, Tatiana V and Friedrich, Thomas and Stepanov, Alexey V},
  journal={Scientific reports},
  volume={9},
  number={1},
  pages={8937},
  year={2019},
  publisher={Nature Publishing Group UK London}
}

@article{li2019perylene,
  title={Perylene-based photoactive material as a double-stranded DNA intercalating probe for ultrasensitive photoelectrochemical biosensing},
  author={Li, Haiyin and Wang, Jiao and Wang, Xin and Lin, Haiyang and Li, Feng},
  journal={ACS applied materials \& interfaces},
  volume={11},
  number={18},
  pages={16958--16964},
  year={2019},
  publisher={ACS Publications}
}

@article{wilson2008photoactive,
  title={A photoactive carotenoid protein acting as light intensity sensor},
  author={Wilson, Adj{\'e}l{\'e} and Punginelli, Claire and Gall, Andrew and Bonetti, Cosimo and Alexandre, Maxime and Routaboul, Jean-Marc and Kerfeld, Cheryl A and van Grondelle, Rienk and Robert, Bruno and Kennis, John TM and others},
  journal={Proceedings of the National Academy of Sciences},
  volume={105},
  number={33},
  pages={12075--12080},
  year={2008},
  publisher={National Acad Sciences}
}

@article{singer2022unravelling,
  title={Unravelling the Turn-On Fluorescence Mechanism of a Fluorescein-Based Probe in GABAA Receptors},
  author={Singer, Nadja K and S{\'a}nchez-Murcia, Pedro A and Ernst, Margot and Gonz{\'a}lez, Leticia},
  journal={Angewandte Chemie},
  volume={134},
  number={30},
  pages={e202205198},
  year={2022},
  publisher={Wiley Online Library}
}

@article{romero2016organic,
  title={Organic photoredox catalysis},
  author={Romero, Nathan A and Nicewicz, David A},
  journal={Chemical reviews},
  volume={116},
  number={17},
  pages={10075--10166},
  year={2016},
  publisher={ACS Publications}
}

@article{bredas2009molecular,
  title={Molecular understanding of organic solar cells: the challenges},
  author={Br{\'e}das, Jean-Luc and Norton, Joseph E and Cornil, J{\'e}r{\^o}me and Coropceanu, Veaceslav},
  journal={Accounts of chemical research},
  volume={42},
  number={11},
  pages={1691--1699},
  year={2009},
  publisher={ACS Publications}
}

@article{schmidt2011moving,
  title={Moving through the phase diagram: morphology formation in solution cast polymer--fullerene blend films for organic solar cells},
  author={Schmidt-Hansberg, Benjamin and Sanyal, Monamie and Klein, Michael FG and Pfaff, Marina and Schnabel, Natalie and Jaiser, Stefan and Vorobiev, Alexei and Müller, Erich and Colsmann, Alexander and Scharfer, Philip and others},
  journal={ACS nano},
  volume={5},
  number={11},
  pages={8579--8590},
  year={2011},
  publisher={ACS Publications}
}

@article{tretiak2002conformational,
  title={Conformational dynamics of photoexcited conjugated molecules},
  author={Tretiak, S and Saxena, A and Martin, RL and Bishop, AR},
  journal={Physical review letters},
  volume={89},
  number={9},
  pages={097402},
  year={2002},
  publisher={APS}
}

@article{cao1999improved,
  title={Improved quantum efficiency for electroluminescence in semiconducting polymers},
  author={Cao, Yong and Parker, Ian D and Yu, Gang and Zhang, Chi and Heeger, Alan J},
  journal={Nature},
  volume={397},
  number={6718},
  pages={414--417},
  year={1999},
  publisher={Nature Publishing Group UK London}
}

@article{kasha1950characterization,
  title={Characterization of electronic transitions in complex molecules},
  author={Kasha, Michael},
  journal={Discussions of the Faraday society},
  volume={9},
  pages={14--19},
  year={1950},
  publisher={Royal Society of Chemistry}
}

@article{huix2015concurrent,
  title={Concurrent effects of delocalization and internal conversion tune charge separation at regioregular polythiophene--fullerene heterojunctions},
  author={Huix-Rotllant, Miquel and Tamura, Hiroyuki and Burghardt, Irene},
  journal={The journal of physical chemistry letters},
  volume={6},
  number={9},
  pages={1702--1708},
  year={2015},
  publisher={ACS Publications}
}

@article{bredas2004charge,
  title={Charge-transfer and energy-transfer processes in $\pi$-conjugated oligomers and polymers: a molecular picture},
  author={Br{\'e}das, Jean-Luc and Beljonne, David and Coropceanu, Veaceslav and Cornil, J{\'e}r{\^o}me},
  journal={Chemical reviews},
  volume={104},
  number={11},
  pages={4971--5004},
  year={2004},
  publisher={ACS Publications}
}

@article{freixas2020vibronic,
  title={Vibronic quantum beating between electronic excited states in a heterodimer},
  author={Freixas, VM and Tretiak, S and Makhov, DV and Shalashilin, DV and Fernandez-Alberti, S},
  journal={The Journal of Physical Chemistry B},
  volume={124},
  number={19},
  pages={3992--4001},
  year={2020},
  publisher={ACS Publications}
}